<record><leader>00000cas a2200000Ma 4500</leader><controlfield tag="001">10781827</controlfield><controlfield tag="008">840529d18521853mauwr ne      0    0eng d</controlfield><controlfield tag="009">330</controlfield><datafield ind1=" " ind2=" " tag="010"><subfield code="a">sn 84023157 </subfield></datafield><datafield ind1=" " ind2=" " tag="040"><subfield code="a">AQM</subfield><subfield code="b">eng</subfield><subfield code="c">AQM</subfield></datafield><datafield ind1="0" ind2="4" tag="245"><subfield code="a">The Boston weekly dispatch, with which is incorporated Sunday morning news.</subfield></datafield><datafield ind1=" " ind2=" " tag="260"><subfield code="a">Boston [Mass.] :</subfield><subfield code="b">J.A. Adams,</subfield><subfield code="c">1852- .</subfield></datafield><datafield ind1=" " ind2=" " tag="300"><subfield code="a">v. :</subfield><subfield code="b">ill.</subfield></datafield><datafield ind1=" " ind2=" " tag="310"><subfield code="a">Weekly</subfield></datafield><datafield ind1="0" ind2=" " tag="362"><subfield code="a">Dispatch v. 1, no. 6 (Dec. 12, 1852)- = News v. 7, no. 22-</subfield></datafield><datafield ind1="1" ind2=" " tag="362"><subfield code="a">Ceased in 1853?</subfield><subfield code="z">Cf. Amer. newspapers, 1821-1936.</subfield></datafield><datafield ind1=" " ind2=" " tag="500"><subfield code="a">Published on Sunday.</subfield></datafield><datafield ind1=" " ind2=" " tag="500"><subfield code="a">Supported "Citizen's Union Ticket" in mayoral election of 1852.</subfield></datafield><datafield ind1=" " ind2="7" tag="655"><subfield code="a">Newspapers.</subfield><subfield code="2">rbgenr</subfield></datafield><datafield ind1=" " ind2=" " tag="752"><subfield code="a">United States</subfield><subfield code="b">Massachusetts</subfield><subfield code="c">Suffolk</subfield><subfield code="d">Boston.</subfield></datafield><datafield ind1="0" ind2="4" tag="780"><subfield code="t">Boston weekly dispatch</subfield></datafield><datafield ind1="0" ind2="4" tag="780"><subfield code="t">Sunday morning news (Boston, Mass.)</subfield><subfield code="w">(DLC)sn 84023158</subfield></datafield></record>